@Book{Bishop2006,
  author    = {Christopher M. Bishop},
  publisher = {Springer},
  title     = {Pattern Recognition and Machine Learning},
  year      = {2006},
  groups    = {Imported lib_ma.bak},
}

@article{raghunathan2021synthetic,
  title={Synthetic data},
  author={Raghunathan, Trivellore E},
  journal={Annual Review of Statistics and Its Application},
  volume={8},
  pages={129--140},
  year={2021},
  publisher={Annual Reviews}
}

@article{raghunathan2003multiple,
  title={Multiple imputation for statistical disclosure limitation},
  author={Raghunathan, Trivellore E and Reiter, Jerome P and Rubin, Donald B},
  journal={Journal of official statistics},
  volume={19},
  number={1},
  pages={1},
  year={2003},
  publisher={Statistics Sweden (SCB)}
}

@article{reiter2003inference,
  title={Inference for partially synthetic, public use microdata sets},
  author={Reiter, Jerome P},
  journal={Survey Methodology},
  volume={29},
  number={2},
  pages={181--188},
  year={2003}
}

@article{wood2018differential,
  title={Differential privacy: A primer for a non-technical audience},
  author={Wood, Alexandra and Altman, Micah and Bembenek, Aaron and Bun, Mark and Gaboardi, Marco and Honaker, James and Nissim, Kobbi and O'Brien, David R and Steinke, Thomas and Vadhan, Salil},
  journal={Vand. J. Ent. \& Tech. L.},
  volume={21},
  pages={209},
  year={2018},
  publisher={HeinOnline}
}

@article{evans2021statistically,
  title={Statistically valid inferences from differentially private data releases, with application to the facebook urls dataset},
  author={Evans, Georgina and King, Gary},
  journal={Political Analysis},
  pages={1--21},
  year={2021},
  publisher={Cambridge University Press}
}
@article{jain2016big,
  title={Big data privacy: a technological perspective and review},
  author={Jain, Priyank and Gyanchandani, Manasi and Khare, Nilay},
  journal={Journal of Big Data},
  volume={3},
  number={1},
  pages={1--25},
  year={2016},
  publisher={Springer}
}

@article{de2012data,
  title={Data privacy: definitions and techniques},
  author={De Capitani Di Vimercati, Sabrina and Foresti, Sara and Livraga, Giovanni and Samarati, Pierangela},
  journal={International Journal of Uncertainty, Fuzziness and Knowledge-Based Systems},
  volume={20},
  number={06},
  pages={793--817},
  year={2012},
  publisher={World Scientific}
}

@book{el2020practical,
  title={Practical synthetic data generation: balancing privacy and the broad availability of data},
  author={El Emam, Khaled and Mosquera, Lucy and Hoptroff, Richard},
  year={2020},
  publisher={O'Reilly Media}
}

@misc{knoors2018utility,
  title={Utility of Differentially Private Synthetic Data Generation for High-Dimensional Databases},
  author={Knoors, Daan},
  year={2018}
}

@article{boenisch2019differential,
  title={Differential Privacy: General Survey and Analysis of Practicability in the Context of Machine Learning},
  author={Boenisch, Franziska},
  year={2019}
}