@Book{Bishop2006,
  author    = {Christopher M. Bishop},
  publisher = {Springer},
  title     = {Pattern Recognition and Machine Learning},
  year      = {2006},
  groups    = {Imported lib_ma.bak},
}

@article{raghunathan2021synthetic,
  title={Synthetic data},
  author={Raghunathan, Trivellore E},
  journal={Annual Review of Statistics and Its Application},
  volume={8},
  pages={129--140},
  year={2021},
  publisher={Annual Reviews}
}

@article{raghunathan2003multiple,
  title={Multiple imputation for statistical disclosure limitation},
  author={Raghunathan, Trivellore E and Reiter, Jerome P and Rubin, Donald B},
  journal={Journal of official statistics},
  volume={19},
  number={1},
  pages={1},
  year={2003},
  publisher={Statistics Sweden (SCB)}
}

@article{reiter2003inference,
  title={Inference for partially synthetic, public use microdata sets},
  author={Reiter, Jerome P},
  journal={Survey Methodology},
  volume={29},
  number={2},
  pages={181--188},
  year={2003}
}

@article{wood2018differential,
  title={Differential privacy: A primer for a non-technical audience},
  author={Wood, Alexandra and Altman, Micah and Bembenek, Aaron and Bun, Mark and Gaboardi, Marco and Honaker, James and Nissim, Kobbi and O'Brien, David R and Steinke, Thomas and Vadhan, Salil},
  journal={Vand. J. Ent. \& Tech. L.},
  volume={21},
  pages={209},
  year={2018},
  publisher={HeinOnline}
}

@article{evans2021statistically,
  title={Statistically valid inferences from differentially private data releases, with application to the facebook urls dataset},
  author={Evans, Georgina and King, Gary},
  journal={Political Analysis},
  pages={1--21},
  year={2021},
  publisher={Cambridge University Press}
}
@article{jain2016big,
  title={Big data privacy: a technological perspective and review},
  author={Jain, Priyank and Gyanchandani, Manasi and Khare, Nilay},
  journal={Journal of Big Data},
  volume={3},
  number={1},
  pages={1--25},
  year={2016},
  publisher={Springer}
}

@article{de2012data,
  title={Data privacy: definitions and techniques},
  author={De Capitani Di Vimercati, Sabrina and Foresti, Sara and Livraga, Giovanni and Samarati, Pierangela},
  journal={International Journal of Uncertainty, Fuzziness and Knowledge-Based Systems},
  volume={20},
  number={06},
  pages={793--817},
  year={2012},
  publisher={World Scientific}
}

@book{el2020practical,
  title={Practical synthetic data generation: balancing privacy and the broad availability of data},
  author={El Emam, Khaled and Mosquera, Lucy and Hoptroff, Richard},
  year={2020},
  publisher={O'Reilly Media}
}

@misc{knoors2018utility,
  title={Utility of Differentially Private Synthetic Data Generation for High-Dimensional Databases},
  author={Knoors, Daan},
  year={2018}
}

@article{boenisch2019differential,
  title={Differential Privacy: General Survey and Analysis of Practicability in the Context of Machine Learning},
  author={Boenisch, Franziska},
  year={2019}
}

@book{hundepool2012statistical,
  title={Statistical disclosure control},
  author={Hundepool, Anco and Domingo-Ferrer, Josep and Franconi, Luisa and Giessing, Sarah and Nordholt, Eric Schulte and Spicer, Keith and De Wolf, Peter-Paul},
  volume={2},
  year={2012},
  publisher={Wiley New York}
}

@incollection{duncan2011statistical,
  title={Why statistical confidentiality?},
  author={Duncan, George T and Elliot, Mark and Salazar-Gonz{\'a}lez, Juan-Jos{\'e}},
  booktitle={Statistical confidentiality},
  pages={1--26},
  year={2011},
  publisher={Springer}
}

@article{de2015unique,
  title={Unique in the shopping mall: On the reidentifiability of credit card metadata},
  author={De Montjoye, Yves-Alexandre and Radaelli, Laura and Singh, Vivek Kumar and Pentland, Alex "Sandy"},
  journal={Science},
  volume={347},
  number={6221},
  pages={536--539},
  year={2015},
  publisher={American Association for the Advancement of Science}
}

@article{rubin1993statistical,
  title={Statistical disclosure limitation},
  author={Rubin, Donald B},
  journal={Journal of official Statistics},
  volume={9},
  number={2},
  pages={461--468},
  year={1993}
}

@article{little1993statistical,
  title={Statistical analysis of masked data},
  author={Little, Roderick JA},
  journal={JOURNAL OF OFFICIAL STATISTICS-STOCKHOLM-},
  volume={9},
  pages={407--407},
  year={1993},
  publisher={ALMQVIST \& WIKSELL INTERNATIONAL}
}

@book{little2019statistical,
  title={Statistical analysis with missing data},
  author={Little, Roderick JA and Rubin, Donald B},
  volume={793},
  year={2019},
  publisher={John Wiley \& Sons}
}

@article{sweeney2002k,
  title={k-anonymity: A model for protecting privacy},
  author={Sweeney, Latanya},
  journal={International journal of uncertainty, fuzziness and knowledge-based systems},
  volume={10},
  number={05},
  pages={557--570},
  year={2002},
  publisher={World Scientific}
}

@article{machanavajjhala2007diversity,
  title={l-diversity: Privacy beyond k-anonymity},
  author={Machanavajjhala, Ashwin and Kifer, Daniel and Gehrke, Johannes and Venkitasubramaniam, Muthuramakrishnan},
  journal={ACM Transactions on Knowledge Discovery from Data (TKDD)},
  volume={1},
  number={1},
  pages={3--es},
  year={2007},
  publisher={ACM New York, NY, USA}
}

@inproceedings{li2006t,
  title={t-closeness: Privacy beyond k-anonymity and l-diversity},
  author={Li, Ninghui and Li, Tiancheng and Venkatasubramanian, Suresh},
  booktitle={2007 IEEE 23rd international conference on data engineering},
  pages={106--115},
  year={2006},
  organization={IEEE}
}

@inproceedings{truta2006privacy,
  title={Privacy protection: p-sensitive k-anonymity property},
  author={Truta, Traian Marius and Vinay, Bindu},
  booktitle={22nd International Conference on Data Engineering Workshops (ICDEW'06)},
  pages={94--94},
  year={2006},
  organization={IEEE}
}

@inproceedings{xiao2006personalized,
  title={Personalized privacy preservation},
  author={Xiao, Xiaokui and Tao, Yufei},
  booktitle={Proceedings of the 2006 ACM SIGMOD international conference on Management of data},
  pages={229--240},
  year={2006}
}

@article{rubner2000earth,
  title={The earth mover's distance as a metric for image retrieval},
  author={Rubner, Yossi and Tomasi, Carlo and Guibas, Leonidas J},
  journal={International journal of computer vision},
  volume={40},
  number={2},
  pages={99--121},
  year={2000},
  publisher={Springer}
}

@inproceedings{dwork2008differential,
  title={Differential privacy: A survey of results},
  author={Dwork, Cynthia},
  booktitle={International conference on theory and applications of models of computation},
  pages={1--19},
  year={2008},
  organization={Springer}
}

@inproceedings{barak2007privacy,
  title={Privacy, accuracy, and consistency too: a holistic solution to contingency table release},
  author={Barak, Boaz and Chaudhuri, Kamalika and Dwork, Cynthia and Kale, Satyen and McSherry, Frank and Talwar, Kunal},
  booktitle={Proceedings of the twenty-sixth ACM SIGMOD-SIGACT-SIGART symposium on Principles of database systems},
  pages={273--282},
  year={2007}
}

@article{eno2008generating,
  title={Generating synthetic data to match data mining patterns},
  author={Eno, Josh and Thompson, Craig W},
  journal={IEEE Internet Computing},
  volume={12},
  number={3},
  pages={78--82},
  year={2008},
  publisher={IEEE}
}

@inproceedings{cano2010evaluation,
  title={Evaluation of information loss for privacy preserving data mining through comparison of fuzzy partitions},
  author={Cano, Isaac and Ladra, Susana and Torra, Vicen{\c{c}}},
  booktitle={International Conference on Fuzzy Systems},
  pages={1--8},
  year={2010},
  organization={IEEE}
}

@article{blum2013learning,
  title={A learning theory approach to noninteractive database privacy},
  author={Blum, Avrim and Ligett, Katrina and Roth, Aaron},
  journal={Journal of the ACM (JACM)},
  volume={60},
  number={2},
  pages={1--25},
  year={2013},
  publisher={ACM New York, NY, USA}
}

@article{xiao2010differential,
  title={Differential privacy via wavelet transforms},
  author={Xiao, Xiaokui and Wang, Guozhang and Gehrke, Johannes},
  journal={IEEE Transactions on knowledge and data engineering},
  volume={23},
  number={8},
  pages={1200--1214},
  year={2010},
  publisher={IEEE}
}

@inproceedings{abowd2008protective,
  title={How protective are synthetic data?},
  author={Abowd, John M and Vilhuber, Lars},
  booktitle={International Conference on Privacy in Statistical Databases},
  pages={239--246},
  year={2008},
  organization={Springer}
}

@inproceedings{machanavajjhala2008privacy,
  title={Privacy: Theory meets practice on the map},
  author={Machanavajjhala, Ashwin and Kifer, Daniel and Abowd, John and Gehrke, Johannes and Vilhuber, Lars},
  booktitle={2008 IEEE 24th international conference on data engineering},
  pages={277--286},
  year={2008},
  organization={IEEE}
}

@article{charest2011can,
  title={How can we analyze differentially-private synthetic datasets?},
  author={Charest, Anne-Sophie},
  journal={Journal of Privacy and Confidentiality},
  volume={2},
  number={2},
  year={2011}
}

@article{mcclure2012differential,
  title={Differential Privacy and Statistical Disclosure Risk Measures: An Investigation with Binary Synthetic Data.},
  author={McClure, David and Reiter, Jerome P},
  journal={Trans. Data Priv.},
  volume={5},
  number={3},
  pages={535--552},
  year={2012}
}

@article{zhang2017privbayes,
  title={Privbayes: Private data release via bayesian networks},
  author={Zhang, Jun and Cormode, Graham and Procopiuc, Cecilia M and Srivastava, Divesh and Xiao, Xiaokui},
  journal={ACM Transactions on Database Systems (TODS)},
  volume={42},
  number={4},
  pages={1--41},
  year={2017},
  publisher={ACM New York, NY, USA}
}

@inproceedings{li2014differentially,
  title={Differentially private synthesization of multi-dimensional data using copula functions},
  author={Li, Haoran and Xiong, Li and Jiang, Xiaoqian},
  booktitle={Advances in database technology: proceedings. International conference on extending database technology},
  volume={2014},
  pages={475},
  year={2014},
  organization={NIH Public Access}
}

@article{goodfellow2020generative,
  title={Generative adversarial networks},
  author={Goodfellow, Ian and Pouget-Abadie, Jean and Mirza, Mehdi and Xu, Bing and Warde-Farley, David and Ozair, Sherjil and Courville, Aaron and Bengio, Yoshua},
  journal={Communications of the ACM},
  volume={63},
  number={11},
  pages={139--144},
  year={2020},
  publisher={ACM New York, NY, USA}
}

@article{denton2015deep,
  title={Deep generative image models using a laplacian pyramid of adversarial networks},
  author={Denton, Emily L and Chintala, Soumith and Fergus, Rob and others},
  journal={Advances in neural information processing systems},
  volume={28},
  year={2015}
}

@inproceedings{vardhan2020generating,
  title={Generating privacy-preserving synthetic tabular data using oblivious variational autoencoders},
  author={Vardhan, L Vivek Harsha and Kok, Stanley},
  booktitle={Proceedings of the Workshop on Economics of Privacy and Data Labor at the 37 th International Conference on Machine Learning},
  year={2020}
}

@article{ma2020vaem,
  title={VAEM: a deep generative model for heterogeneous mixed type data},
  author={Ma, Chao and Tschiatschek, Sebastian and Turner, Richard and Hern{\'a}ndez-Lobato, Jos{\'e} Miguel and Zhang, Cheng},
  journal={Advances in Neural Information Processing Systems},
  volume={33},
  pages={11237--11247},
  year={2020}
}

@inproceedings{patki2016synthetic,
  title={The synthetic data vault},
  author={Patki, Neha and Wedge, Roy and Veeramachaneni, Kalyan},
  booktitle={2016 IEEE International Conference on Data Science and Advanced Analytics (DSAA)},
  pages={399--410},
  year={2016},
  organization={IEEE}
}

@article{kamthe2021copula,
  title={Copula Flows for Synthetic Data Generation},
  author={Kamthe, Sanket and Assefa, Samuel and Deisenroth, Marc},
  journal={arXiv preprint arXiv:2101.00598},
  year={2021}
}

@inproceedings{mckenna2019graphical,
  title={Graphical-model based estimation and inference for differential privacy},
  author={McKenna, Ryan and Sheldon, Daniel and Miklau, Gerome},
  booktitle={International Conference on Machine Learning},
  pages={4435--4444},
  year={2019},
  organization={PMLR}
}

@article{xu2019modeling,
  title={Modeling tabular data using conditional gan},
  author={Xu, Lei and Skoularidou, Maria and Cuesta-Infante, Alfredo and Veeramachaneni, Kalyan},
  journal={Advances in Neural Information Processing Systems},
  volume={32},
  year={2019}
}

@article{wen2021causal,
  title={Causal-TGAN: Generating Tabular Data Using Causal Generative Adversarial Networks},
  author={Wen, Bingyang and Colon, Luis Oliveros and Subbalakshmi, KP and Chandramouli, Rajarathnam},
  journal={arXiv preprint arXiv:2104.10680},
  year={2021}
}

@article{kingma2013auto,
  title={Auto-encoding variational bayes},
  author={Kingma, Diederik P and Welling, Max},
  journal={arXiv preprint arXiv:1312.6114},
  year={2013}
}

@article{nowok2016synthpop,
  title={synthpop: Bespoke creation of synthetic data in R},
  author={Nowok, Beata and Raab, Gillian M and Dibben, Chris},
  journal={Journal of statistical software},
  volume={74},
  pages={1--26},
  year={2016}
}

@article{hothorn2015ctree,
  title={ctree: Conditional inference trees},
  author={Hothorn, Torsten and Hornik, Kurt and Zeileis, Achim},
  journal={The comprehensive R archive network},
  volume={8},
  year={2015}
}

@article{loh2011classification,
  title={Classification and regression trees},
  author={Loh, Wei-Yin},
  journal={Wiley interdisciplinary reviews: data mining and knowledge discovery},
  volume={1},
  number={1},
  pages={14--23},
  year={2011},
  publisher={Wiley Online Library}
}

@article{burridge2003information,
  title={Information preserving statistical obfuscation},
  author={Burridge, Jim},
  journal={Statistics and Computing},
  volume={13},
  number={4},
  pages={321--327},
  year={2003},
  publisher={Springer}
}

@inproceedings{hu2014disclosure,
  title={Disclosure risk evaluation for fully synthetic categorical data},
  author={Hu, Jingchen and Reiter, Jerome P and Wang, Quanli},
  booktitle={International conference on privacy in statistical databases},
  pages={185--199},
  year={2014},
  organization={Springer}
}

@article{kim2018simultaneous,
  title={Simultaneous edit-imputation and disclosure limitation for business establishment data},
  author={Kim, Hang J and Reiter, Jerome P and Karr, Alan F},
  journal={Journal of Applied Statistics},
  volume={45},
  number={1},
  pages={63--82},
  year={2018},
  publisher={Taylor \& Francis}
}

@article{kim2021synthetic,
  title={Synthetic microdata for establishment surveys under informative sampling},
  author={Kim, Hang J and Drechsler, J{\"o}rg and Thompson, Katherine J and others},
  journal={Journal of the Royal Statistical Society: Series A (Statistics in Society)},
  volume={184},
  number={1},
  pages={255--281},
  year={2021}
}

@article{meng1994multiple,
  title={Multiple-imputation inferences with uncongenial sources of input},
  author={Meng, Xiao-Li},
  journal={Statistical Science},
  pages={538--558},
  year={1994},
  publisher={JSTOR}
}

@inproceedings{little1997should,
  title={Should imputation of missing data condition on all observed variables},
  author={Little, Roderick JA and Raghunathan, Trivellore},
  booktitle={Proceedings of the Section on Survey Research Methods},
  pages={617--622},
  year={1997},
  organization={American Statistical Association Alexandria}
}

@article{reiter2005using,
  title={Using CART to generate partially synthetic public use microdata},
  author={Reiter, Jerome P},
  journal={Journal of official statistics},
  volume={21},
  number={3},
  pages={441},
  year={2005},
  publisher={Statistics Sweden (SCB)}
}

@article{caiola2010random,
  title={Random forests for generating partially synthetic, categorical data.},
  author={Caiola, Gregory and Reiter, Jerome P},
  journal={Trans. Data Priv.},
  volume={3},
  number={1},
  pages={27--42},
  year={2010}
}

@article{reiter2004simultaneous,
  title={Simultaneous use of multiple imputation for missing data and disclosure limitation},
  author={Reiter, Jerome P},
  journal={Survey Methodology},
  volume={30},
  number={2},
  pages={235--242},
  year={2004}
}

@article{reiter2010releasing,
  title={Releasing multiply-imputed synthetic data generated in two stages to protect confidentiality},
  author={Reiter, Jerome P and Drechsler, J{\"o}rg},
  journal={Statistica Sinica},
  pages={405--421},
  year={2010},
  publisher={JSTOR}
}

@article{drechsler2010sampling,
  title={Sampling with synthesis: A new approach for releasing public use census microdata},
  author={Drechsler, J{\"o}rg and Reiter, Jerome P},
  journal={Journal of the American Statistical Association},
  volume={105},
  number={492},
  pages={1347--1357},
  year={2010},
  publisher={Taylor \& Francis}
}

@article{drechsler2012combining,
  title={Combining synthetic data with subsampling to create public use microdata files for large scale surveys},
  author={Drechsler, J{\"o}rg and Reiter, Jerome P},
  journal={Survey Methodology},
  volume={38},
  pages={73--79},
  year={2012},
  publisher={Statistics Canada}
}

@inproceedings{dwork2006calibrating,
  title={Calibrating noise to sensitivity in private data analysis},
  author={Dwork, Cynthia and McSherry, Frank and Nissim, Kobbi and Smith, Adam},
  booktitle={Theory of cryptography conference},
  pages={265--284},
  year={2006},
  organization={Springer}
}

@article{bao2021synthetic,
  title={Synthetic Data Generation with Differential Privacy via Bayesian Networks},
  author={Bao, Ergute and Xiao, Xiaokui and Zhao, Jun and Zhang, Dongping and Ding, Bolin},
  journal={Journal of Privacy and Confidentiality},
  volume={11},
  number={3},
  year={2021}
}

@article{cai2021data,
  title={Data synthesis via differentially private markov random fields},
  author={Cai, Kuntai and Lei, Xiaoyu and Wei, Jianxin and Xiao, Xiaokui},
  journal={Proceedings of the VLDB Endowment},
  volume={14},
  number={11},
  pages={2190--2202},
  year={2021},
  publisher={VLDB Endowment}
}

@inproceedings{arjovsky2017wasserstein,
  title={Wasserstein generative adversarial networks},
  author={Arjovsky, Martin and Chintala, Soumith and Bottou, L{\'e}on},
  booktitle={International conference on machine learning},
  pages={214--223},
  year={2017},
  organization={PMLR}
}

@article{camino2018generating,
  title={Generating multi-categorical samples with generative adversarial networks},
  author={Camino, Ramiro and Hammerschmidt, Christian and State, Radu},
  journal={arXiv preprint arXiv:1807.01202},
  year={2018}
}

@article{xie2018differentially,
  title={Differentially private generative adversarial network},
  author={Xie, Liyang and Lin, Kaixiang and Wang, Shu and Wang, Fei and Zhou, Jiayu},
  journal={arXiv preprint arXiv:1802.06739},
  year={2018}
}

@article{beaulieu2019privacy,
  title={Privacy-preserving generative deep neural networks support clinical data sharing},
  author={Beaulieu-Jones, Brett K and Wu, Zhiwei Steven and Williams, Chris and Lee, Ran and Bhavnani, Sanjeev P and Byrd, James Brian and Greene, Casey S},
  journal={Circulation: Cardiovascular Quality and Outcomes},
  volume={12},
  number={7},
  pages={e005122},
  year={2019},
  publisher={Am Heart Assoc}
}

@inproceedings{frigerio2019differentially,
  title={Differentially private generative adversarial networks for time series, continuous, and discrete open data},
  author={Frigerio, Lorenzo and Oliveira, Anderson Santana de and Gomez, Laurent and Duverger, Patrick},
  booktitle={IFIP International Conference on ICT Systems Security and Privacy Protection},
  pages={151--164},
  year={2019},
  organization={Springer}
}

@book{drechsler2011synthetic,
  title={Synthetic datasets for statistical disclosure control: theory and implementation},
  author={Drechsler, J{\"o}rg},
  volume={201},
  year={2011},
  publisher={Springer Science \& Business Media}
}

@article{raghu2001information,
  title={Information Management (IM) Strategy: The Construct and Its Measure},
  author={Raghu-Nathan, B and Ragu-Nathan, TS and Tu, Q and Shi, Z},
  journal={Journal of Strategic Information Systems},
  volume={10},
  number={4},
  pages={265--289},
  year={2001}
}

@article{gelman2004parameterization,
  title={Parameterization and Bayesian modeling},
  author={Gelman, Andrew},
  journal={Journal of the American Statistical Association},
  volume={99},
  number={466},
  pages={537--545},
  year={2004},
  publisher={Taylor \& Francis}
}

@article{reiter2002satisfying,
  title={Satisfying disclosure restrictions with synthetic data sets},
  author={Reiter, Jerome P},
  journal={Journal of Official Statistics},
  volume={18},
  number={4},
  pages={531},
  year={2002},
  publisher={Statistics Sweden (SCB)}
}


@article{rubin1993discussion,
  title={Discussion: Statistical disclosure limitation},
  author={Rubin, Donald B},
  journal={Journal of Official Statistics},
  volume={9},
  number={2},
  pages={462--468},
  year={1993},
  publisher={Statistics Sweden (SCB)}
}

@article{drechsler2011improved,
  title={Improved variance estimation for fully synthetic datasets},
  author={Drechsler, J{\"o}rg},
  journal={Proceedings of the Joint UNECE/EUROSTAT Work Session on Statistical Data Confidentiality},
  year={2011}
}

@article{raab2016practical,
  title={Practical data synthesis for large samples},
  author={Raab, Gillian M and Nowok, Beata and Dibben, Chris},
  journal={Journal of Privacy and Confidentiality},
  volume={7},
  number={3},
  pages={67--97},
  year={2016}
}

@article{drechsler2009disclosure,
  title={Disclosure risk and data utility for partially synthetic data: An empirical study using the German IAB Establishment Survey},
  author={Drechsler, J{\"o}rg and Reiter, JP},
  journal={Journal of Official Statistics},
  volume={25},
  number={4},
  pages={589},
  year={2009}
}

@article{reiter2010releasing,
  title={Releasing multiply-imputed synthetic data generated in two stages to protect confidentiality},
  author={Reiter, Jerome P and Drechsler, J{\"o}rg},
  journal={Statistica Sinica},
  pages={405--421},
  year={2010},
  publisher={JSTOR}
}

@inproceedings{drechsler2018some,
  title={Some clarifications regarding fully synthetic data},
  author={Drechsler, J{\"o}rg},
  booktitle={Privacy in Statistical Databases: UNESCO Chair in Data Privacy, International Conference, PSD 2018, Valencia, Spain, September 26--28, 2018, Proceedings},
  pages={109--121},
  year={2018},
  organization={Springer}
}

@article{su2012linear,
  title={Linear regression},
  author={Su, Xiaogang and Yan, Xin and Tsai, Chih-Ling},
  journal={Wiley Interdisciplinary Reviews: Computational Statistics},
  volume={4},
  number={3},
  pages={275--294},
  year={2012},
  publisher={Wiley Online Library}
}

@article{rigatti2017random,
  title={Random forest},
  author={Rigatti, Steven J},
  journal={Journal of Insurance Medicine},
  volume={47},
  number={1},
  pages={31--39},
  year={2017},
  publisher={American Academy of Insurance Medicine 1700 Magnavox Way, Fort Wayne, IN 46804}
}

@article{karr2006framework,
  title={A framework for evaluating the utility of data altered to protect confidentiality},
  author={Karr, Alan F and Kohnen, Christine N and Oganian, Anna and Reiter, Jerome P and Sanil, Ashish P},
  journal={The American Statistician},
  volume={60},
  number={3},
  pages={224--232},
  year={2006},
  publisher={Taylor \& Francis}
}

@article{gomatam2003distortion,
  title={Distortion measures for categorical data swapping},
  author={Gomatam, Shanti and Karr, A},
  journal={J. Official Statist},
  year={2003}
}

@article{rosenbaum1983central,
  title={The central role of the propensity score in observational studies for causal effects},
  author={Rosenbaum, Paul R and Rubin, Donald B},
  journal={Biometrika},
  volume={70},
  number={1},
  pages={41--55},
  year={1983},
  publisher={Oxford University Press}
}

@article{mckay2018differentially,
  title={Differentially Private Data Release via Statistical Election to Partition Sequentially},
  author={McKay Bowen, Claire and Liu, Fang and Su, Binyue},
  journal={arXiv e-prints},
  pages={arXiv--1803},
  year={2018}
}

@article{woo2009global,
  title={Global measures of data utility for microdata masked for disclosure limitation},
  author={Woo, Mi-Ja and Reiter, Jerome P and Oganian, Anna and Karr, Alan F},
  journal={Journal of Privacy and Confidentiality},
  volume={1},
  number={1},
  year={2009}
}

@article{snoke2018general,
  title={General and specific utility measures for synthetic data},
  author={Snoke, Joshua and Raab, Gillian M and Nowok, Beata and Dibben, Chris and Slavkovic, Aleksandra},
  journal={Journal of the Royal Statistical Society. Series A (Statistics in Society)},
  volume={181},
  number={3},
  pages={663--688},
  year={2018},
  publisher={JSTOR}
}

@article{karr2006framework,
  title={A framework for evaluating the utility of data altered to protect confidentiality},
  author={Karr, Alan F and Kohnen, Christine N and Oganian, Anna and Reiter, Jerome P and Sanil, Ashish P},
  journal={The American Statistician},
  volume={60},
  number={3},
  pages={224--232},
  year={2006},
  publisher={Taylor \& Francis}
}

@article{raab2021assessing,
  title={Assessing, visualizing and improving the utility of synthetic data},
  author={Raab, Gillian M and Nowok, Beata and Dibben, Chris},
  journal={arXiv preprint arXiv:2109.12717},
  year={2021}
}

@article{voas2001evaluating,
  title={Evaluating goodness-of-fit measures for synthetic microdata},
  author={Voas, David and Williamson, Paul},
  journal={Geographical and Environmental Modelling},
  volume={5},
  number={2},
  pages={177--200},
  year={2001},
  publisher={Taylor \& Francis}
}

@article{reiter2005estimating,
  title={Estimating risks of identification disclosure in microdata},
  author={Reiter, Jerome P},
  journal={Journal of the American Statistical Association},
  volume={100},
  number={472},
  pages={1103--1112},
  year={2005},
  publisher={Taylor \& Francis}
}

@article{skinner2008assessing,
  title={Assessing identification risk in survey microdata using log-linear models},
  author={Skinner, Chris and Shlomo, Natalie},
  journal={Journal of the American Statistical Association},
  volume={103},
  number={483},
  pages={989--1001},
  year={2008},
  publisher={Taylor \& Francis}
}

@inproceedings{shlomo2014probabilistic,
  title={Probabilistic record linkage for disclosure risk assessment},
  author={Shlomo, Natalie},
  booktitle={Privacy in Statistical Databases: UNESCO Chair in Data Privacy, International Conference, PSD 2014, Ibiza, Spain, September 17-19, 2014. Proceedings},
  pages={269--282},
  year={2014},
  organization={Springer}
}

@article{manrique2018bayesian,
  title={Bayesian non-parametric generation of fully synthetic multivariate categorical data in the presence of structural zeros},
  author={Manrique-Vallier, Daniel and Hu, Jingchen},
  journal={Journal of the Royal Statistical Society. Series A (Statistics in Society)},
  volume={181},
  number={3},
  pages={635--647},
  year={2018},
  publisher={JSTOR}
}

@article{park2018data,
  title={Data synthesis based on generative adversarial networks},
  author={Park, Noseong and Mohammadi, Mahmoud and Gorde, Kshitij and Jajodia, Sushil and Park, Hongkyu and Kim, Youngmin},
  journal={arXiv preprint arXiv:1806.03384},
  year={2018}
}

@inproceedings{zhao2021ctab,
  title={Ctab-gan: Effective table data synthesizing},
  author={Zhao, Zilong and Kunar, Aditya and Birke, Robert and Chen, Lydia Y},
  booktitle={Asian Conference on Machine Learning},
  pages={97--112},
  year={2021},
  organization={PMLR}
}

@inproceedings{taub2018differential,
  title={Differential correct attribution probability for synthetic data: an exploration},
  author={Taub, Jennifer and Elliot, Mark and Pampaka, Maria and Smith, Duncan},
  booktitle={Privacy in Statistical Databases: UNESCO Chair in Data Privacy, International Conference, PSD 2018, Valencia, Spain, September 26--28, 2018, Proceedings},
  pages={122--137},
  year={2018},
  organization={Springer}
}

@inproceedings{stadler2022synthetic,
  title={Synthetic data--anonymisation groundhog day},
  author={Stadler, Theresa and Oprisanu, Bristena and Troncoso, Carmela},
  booktitle={31st USENIX Security Symposium (USENIX Security 22)},
  pages={1451--1468},
  year={2022}
}

@article{reiter2014bayesian,
  title={Bayesian estimation of disclosure risks for multiply imputed, synthetic data},
  author={Reiter, Jerome P and Wang, Quanli and Zhang, Biyuan},
  journal={Journal of Privacy and Confidentiality},
  volume={6},
  number={1},
  year={2014}
}

@inproceedings{hu2014disclosure,
  title={Disclosure risk evaluation for fully synthetic categorical data},
  author={Hu, Jingchen and Reiter, Jerome P and Wang, Quanli},
  booktitle={Privacy in Statistical Databases: UNESCO Chair in Data Privacy, International Conference, PSD 2014, Ibiza, Spain, September 17-19, 2014. Proceedings},
  pages={185--199},
  year={2014},
  organization={Springer}
}

@article{reiter2009estimating,
  title={Estimating risks of identification disclosure in partially synthetic data},
  author={Reiter, Jerome P and Mitra, Robin},
  journal={Journal of Privacy and Confidentiality},
  volume={1},
  number={1},
  year={2009}
}

@inproceedings{drechsler2008accounting,
  title={Accounting for intruder uncertainty due to sampling when estimating identification disclosure risks in partially synthetic data},
  author={Drechsler, J{\"o}rg and Reiter, Jerome P},
  booktitle={Privacy in Statistical Databases},
  volume={5262},
  pages={227--238},
  year={2008},
  organization={Springer}
}

@article{salomon2021us,
  title={The US COVID-19 Trends and Impact Survey: Continuous real-time measurement of COVID-19 symptoms, risks, protective behaviors, testing, and vaccination},
  author={Salomon, Joshua A and Reinhart, Alex and Bilinski, Alyssa and Chua, Eu Jing and La Motte-Kerr, Wichada and R{\"o}nn, Minttu M and Reitsma, Marissa B and Morris, Katherine A and LaRocca, Sarah and Farag, Tamer H and others},
  journal={Proceedings of the National Academy of Sciences},
  volume={118},
  number={51},
  pages={e2111454118},
  year={2021},
  publisher={National Acad Sciences}
}

@article{liu2021iterative,
  title={Iterative methods for private synthetic data: Unifying framework and new methods},
  author={Liu, Terrance and Vietri, Giuseppe and Wu, Steven Z},
  journal={Advances in Neural Information Processing Systems},
  volume={34},
  pages={690--702},
  year={2021}
}










